@book{caim,
  author = 	 {Peralta, Alejandro and Heidenreich,Elvio and  Caldeira,  Aldélio and Neto, Ricardo},
  title = 	 {Estimación de los parámetros equivalentes de la suspensión de un vehículo pesado 6 x 6},
  journal ={CAIM},
  year = 	 {2018}
  } 
  
 @book{tesis,
  author = 	 {Hurel Ezeta, Jorge L.},
  title = 	 {Modelado analítico y control inteligente de un sistema de suspensión activa para un cuarto de vehículo},
  journal ={ijnme},
  year = 	 {2013}
  }

@book{paper,
  author = 	 {Goulart Campos and Caldeira and Norohna de Oliveira and peralta and Da Costa Neto}, 
  title = 	 {Suspension parameters estimation of a RWD vehicle},
  journal ={SAE Technical paper series},
  year = 	 {2017}
  }